<collection xmlns="http://www.loc.gov/MARC21/slim">
<record>
  <leader>02194nam0a22003851i 450 </leader>
  <controlfield tag="001">IT\ICCU\CNCE\029163</controlfield>
  <controlfield tag="005">19990308000000.0</controlfield>
  <datafield tag="012" ind1=" " ind2=" ">
    <subfield code="a">e-to vtub ono- tiat (C) 1517 (Q)</subfield>
    <subfield code="2">fei</subfield>
  </datafield>
  <datafield tag="100" ind1=" " ind2=" ">
    <subfield code="a">19971117f1517        0itac0103    ba</subfield>
  </datafield>
  <datafield tag="101" ind1=" " ind2=" ">
    <subfield code="a">LAT</subfield>
  </datafield>
  <datafield tag="102" ind1=" " ind2=" ">
    <subfield code="a">IT</subfield>
  </datafield>
  <datafield tag="200" ind1="1" ind2=" ">
    <subfield code="a">Insigne Formalitatum Opus de mente Doctoris Subtilis vna cum editione .... Antonij Trombete: adiunctisque ... Tuanensis archiepiscopi Mauritij: necnon ... Antonij de Fantis Taruisini annotationibus ... cum ipsius diligentia ab bnumeris erroribus absolutum. \... Ioannis Scoti ... Formalitaes Stepani Burlifer diligentissime castigate ac nouis additionibus ...!</subfield>
  </datafield>
  <datafield tag="210" ind1=" " ind2=" ">
    <subfield code="a">\Impressum Venetijs</subfield>
    <subfield code="c">impensis Lucantonij de Giunta</subfield>
    <subfield code="d">1517!</subfield>
  </datafield>
  <datafield tag="215" ind1=" " ind2=" ">
    <subfield code="a">12 c.</subfield>
    <subfield code="d">fol</subfield>
  </datafield>
  <datafield tag="620" ind1=" " ind2=" ">
    <subfield code="a">IT</subfield>
    <subfield code="d">Venezia</subfield>
  </datafield>
  <datafield tag="700" ind1=" " ind2="1">
    <subfield code="a">Sirect,</subfield>
    <subfield code="b">Antoine</subfield>
    <subfield code="3">IT\ICCU\CNCA\008737</subfield>
  </datafield>
  <datafield tag="702" ind1=" " ind2="1">
    <subfield code="a">O&apos;Fihely,</subfield>
    <subfield code="b">Maurice</subfield>
    <subfield code="3">IT\ICCU\CNCA\004527</subfield>
  </datafield>
  <datafield tag="702" ind1=" " ind2="1">
    <subfield code="a">Fanti,</subfield>
    <subfield code="b">Sigismondo</subfield>
    <subfield code="3">IT\ICCU\CNCA\005248</subfield>
  </datafield>
  <datafield tag="702" ind1=" " ind2="1">
    <subfield code="a">Trombetta,</subfield>
    <subfield code="b">Antonio</subfield>
    <subfield code="3">IT\ICCU\CNCA\008736</subfield>
  </datafield>
  <datafield tag="712" ind1="0" ind2="0">
    <subfield code="a">Giunta, Lucantonio</subfield>
    <subfield code="c"> &lt;1.&gt;</subfield>
    <subfield code="3">IT\ICCU\CNCT\002111</subfield>
    <subfield code="4">650</subfield>
  </datafield>
  <datafield tag="790" ind1=" " ind2="1">
    <subfield code="a">Sirectus,</subfield>
    <subfield code="b">Antonius</subfield>
    <subfield code="3">IT\ICCU\CNCA\009552</subfield>
    <subfield code="z">Sirect, Antoine</subfield>
  </datafield>
  <datafield tag="790" ind1=" " ind2="1">
    <subfield code="a">Syrectus,</subfield>
    <subfield code="b">Antonius</subfield>
    <subfield code="3">IT\ICCU\CNCA\018604</subfield>
    <subfield code="z">Sirect, Antoine</subfield>
  </datafield>
  <datafield tag="790" ind1=" " ind2="0">
    <subfield code="a">Mauritius</subfield>
    <subfield code="c"> : Hibernicus</subfield>
    <subfield code="3">IT\ICCU\CNCA\004522</subfield>
    <subfield code="z">O&apos;Fihely, Maurice</subfield>
  </datafield>
  <datafield tag="790" ind1=" " ind2="0">
    <subfield code="a">Mauritius</subfield>
    <subfield code="c"> : de#Portu</subfield>
    <subfield code="3">IT\ICCU\CNCA\007860</subfield>
    <subfield code="z">O&apos;Fihely, Maurice</subfield>
  </datafield>
  <datafield tag="790" ind1=" " ind2="1">
    <subfield code="a">Portu,</subfield>
    <subfield code="b">Mauritius : de</subfield>
    <subfield code="3">IT\ICCU\CNCA\022332</subfield>
    <subfield code="z">O&apos;Fihely, Maurice</subfield>
  </datafield>
  <datafield tag="790" ind1=" " ind2="1">
    <subfield code="a">Fanti,</subfield>
    <subfield code="b">Gismondo</subfield>
    <subfield code="3">IT\ICCU\CNCA\019010</subfield>
    <subfield code="z">Fanti, Sigismondo</subfield>
  </datafield>
  <datafield tag="790" ind1=" " ind2="1">
    <subfield code="a">De_Fantis,</subfield>
    <subfield code="b">Sigismundus</subfield>
    <subfield code="3">IT\ICCU\CNCA\022284</subfield>
    <subfield code="z">Fanti, Sigismondo</subfield>
  </datafield>
  <datafield tag="790" ind1=" " ind2="1">
    <subfield code="a">Trombeta,</subfield>
    <subfield code="b">Antonius</subfield>
    <subfield code="3">IT\ICCU\CNCA\018632</subfield>
    <subfield code="z">Trombetta, Antonio</subfield>
  </datafield>
  <datafield tag="791" ind1="0" ind2="0">
    <subfield code="a">Zontis, Lucas Antonius de</subfield>
    <subfield code="3">IT\ICCU\CNCT\003892</subfield>
    <subfield code="z">Giunta, Lucantonio &lt;1.&gt;</subfield>
  </datafield>
  <datafield tag="791" ind1="0" ind2="0">
    <subfield code="a">Giunti, Lucantonio</subfield>
    <subfield code="c"> &lt;1&gt;</subfield>
    <subfield code="3">IT\ICCU\CNCT\004926</subfield>
    <subfield code="z">Giunta, Lucantonio &lt;1.&gt;</subfield>
  </datafield>
  <datafield tag="791" ind1="0" ind2="0">
    <subfield code="a">Gionta, Lucantonio de</subfield>
    <subfield code="3">IT\ICCU\CNCT\004928</subfield>
    <subfield code="z">Giunta, Lucantonio &lt;1.&gt;</subfield>
  </datafield>
  <datafield tag="791" ind1="0" ind2="0">
    <subfield code="a">Giuntis, Lucas Antonius de</subfield>
    <subfield code="3">IT\ICCU\CNCT\004929</subfield>
    <subfield code="z">Giunta, Lucantonio &lt;1.&gt;</subfield>
  </datafield>
  <datafield tag="791" ind1="0" ind2="0">
    <subfield code="a">Zonta, Lucantonio</subfield>
    <subfield code="3">IT\ICCU\CNCT\004930</subfield>
    <subfield code="z">Giunta, Lucantonio &lt;1.&gt;</subfield>
  </datafield>
  <datafield tag="801" ind1=" " ind2="3">
    <subfield code="a">IT</subfield>
    <subfield code="b">ICCU</subfield>
    <subfield code="c">20201114</subfield>
  </datafield>
  <datafield tag="899" ind1=" " ind2=" ">
    <subfield code="a">Biblioteca civica del patrimonio degli studi. Cento</subfield>
    <subfield code="1">FE0004</subfield>
    <subfield code="2">UFE CN</subfield>
  </datafield>
</record>
</collection>
